@misc{stallings,
  title={Comunicaciones y Redes de Computadores. S{\'e}ptima Edici{\'o}n. Madrid, Espa{\~n}a: Editorial Pearson},
  author={STALLINGS, William},
  year={2004},
  publisher={Prentice Hall}
}
@book{tanenbaum,
  title={Redes de computadoras},
  author={Tanenbaum, Andrew S},
  year={2003},
  publisher={Pearson educaci{\'o}n}
}
@book{kurose,
  title={Redes de computadoras: un enfoque descendente},
  author={Kurose, James F and Ross, Keith W and Hierro, Carolina Ma{\~n}oso and y Pablo, {\'A}ngel P{\'e}rez de Madrid and Marrone, Luis},
  year={2010},
  publisher={Pearson}
}
@article{corletti,
  title={Seguridad por niveles},
  author={Corletti, Alejandro},
  journal={Madrid: DarFE},
  year={2011}
}

